@article{zhangkun1994,
  author  = {张昆 and 冯立群 and 余昌钰 and others},
  title   = {机器人柔性手腕的球面齿轮设计研究},
  journal = {清华大学学报: 自然科学版},
  volume  = {34},
  number  = {2},
  pages   = {1--7},
  year    = {1994},
  key     = {zhang1 kun1}
}

@book{zhukezhen1973,
  author    = {竺可桢},
  title     = {物理学论},
  address   = {北京},
  publisher = {科学出版社},
  year      = {1973},
  pages     = {56--60},
  key       = {zhu2 ke3 zhen1}
}

@inproceedings{dupont1974bone,
  author    = {Dupont, B},
  title     = {Bone marrow transplantation in severe combined immunodeficiency with an unrelated MLC compatible donor},
  editor    = {White, H J and Smith, R},
  booktitle = {Proceedings of the third annual meeting of the International Society for Experimental Hematology},
  address   = {Houston},
  publisher = {International Society for Experimental Hematology},
  year      = {1974},
  pages     = {44--46}
}

@mastersthesis{zhengkaiqing1987,
  author  = {郑开青},
  title   = {通讯系统模拟及软件},
  address = {北京},
  school  = {清华大学无线电系},
  year    = {1987},
  key     = {zheng4 kai1 qing1}
}

@patent{jiangxizhou1980,
  author  = {姜锡洲},
  title   = {一种温热外敷药制备方案},
  address = {中国},
  number  = {88105607.3},
  date    = {1980-07-26},
  key     = {jiang1 xi1 zhou1}
}

@standard{jianduju1994,
  author    = {中华人民共和国国家技术监督局},
  title     = {GB3100-3102. 中华人民共和国国家标准-量与单位},
  address   = {北京},
  publisher = {中国标准出版社},
  year      = {1994},
  key       = {zhong1 hua2 ren2 min2 gong4 he2 guo2}
}

@article{merkt1995rotational,
  author  = {Merkt, Fr{\'e}d{\'e}ric and Mackenzie, S R and Softley, Timothy P},
  title   = {Rotational Autoionization Dynamics in High Rydberg States of Nitrogen},
  journal = {J Chem Phys},
  year    = {1995},
  volume  = {103},
  pages   = {4509--4518}
}

@article{mellinger1996laser,
  author  = {Mellinger, A and Vidal, C R and Jungen, {Ch}},
  title   = {Laser reduced fluorescence study of the carbon monoxide nd triplet Rydberg series - Experimental results and multichannel quantum defect analysis},
  journal = {J Chem Phys},
  year    = {1996},
  volume  = {104},
  pages   = {8913--8921}
}

@article{bixon1996dynamics,
  author  = {Bixon, M and Jortner, Joshua},
  title   = {The dynamics of predissociating high {Rydberg} states of {NO}},
  journal = {J Chem Phys},
  year    = {1996},
  volume  = {105},
  pages   = {1363--1382}
}

@article{mahui1995,
  author  = {马辉 and 李俭 and 刘耀明 and others},
  title   = {利用 {REMPI} 方法测量 {BaF} 高里德堡系列光谱},
  journal = {化学物理学报},
  year    = {1995},
  volume  = {8},
  pages   = {308--311},
  key     = {ma3 hui1}
}

@article{carlson1981two,
  author  = {Carlson, N W and Taylor, A J and Jones, K M and Schawlow, A L},
  title   = {Two-step polarization-labeling spectroscopy of excited states of {Na2}},
  journal = {Phys Rev A},
  year    = {1981},
  volume  = {24},
  pages   = {822--834}
}

@article{taylor1983scanning,
  author  = {Taylor, A J and Jones, K M and Schawlow, A L},
  title   = {Scanning pulsed-polarization spectrometer applied to {Na2}},
  journal = {J Opt Soc Am},
  year    = {1983},
  volume  = {73},
  pages   = {994--998}
}

@article{taylor1981study,
  author  = {Taylor, A J and Jones, K M and Schawlow, A L},
  title   = {A study of the excited {1$\Sigma$g+} states in {Na2}},
  journal = {Opt Commun},
  year    = {1981},
  volume  = {39},
  pages   = {47--50}
}

@article{shimizu1983laser,
  author  = {Shimizu, Kazuko and Shimizu, Fujio},
  title   = {Laser induced fluorescence spectra of the a {3$\Pi$u--X 1$\Sigma$g+} band of {Na2} by molecular beam},
  journal = {J Chem Phys},
  year    = {1983},
  volume  = {78},
  pages   = {1126--1131}
}

@article{atkinson1982experimental,
  author  = {Atkinson, J B and Becker, J and Demtr{\"o}der, W},
  title   = {Experimental observation of the a {3$\Pi$u} state of {Na2}},
  journal = {Chem Phys Lett},
  year    = {1982},
  volume  = {87},
  pages   = {92--97}
}

@article{kusch1975perturbations,
  author  = {Kusch, P and Hessel, M M},
  title   = {Perturbations in the A {1$\Sigma$u+} state of {Na2}},
  journal = {J Chem Phys},
  year    = {1975},
  volume  = {63},
  pages   = {4087--4088}
}

@book{guangxi1993,
  author    = {广西壮族自治区林业厅},
  title     = {广西自然保护区},
  address   = {北京},
  publisher = {中国林业出版社},
  year      = {1993},
  key       = {guang3 xi1 zhuang4 zu2 zi4 zhi4 qu1}
}

@book{huosini1989guwu,
  author     = {霍斯尼},
  title      = {谷物科学与工艺学原理},
  translator = {李庆龙},
  edition    = {2},
  address    = {北京},
  publisher  = {中国食品出版社},
  year       = {1989},
  pages      = {15--20},
  key        = {huo4 si1 ni2}
}

@book{wangfuzhi1865songlun,
  author    = {王夫之},
  title     = {宋论},
  edition   = {刻本},
  address   = {金陵},
  publisher = {曾氏},
  year      = {1865（清同治四年）},
  key       = {wang2 fu1 zhi1}
}

@book{zhaoyaodong1998xinshidai,
  author    = {赵耀东},
  title     = {新时代的工业工程师},
  address   = {台北},
  publisher = {天下文化出版社},
  year      = {1998},
  urldate   = {1998-09-26},
  url       = {http://www.ie.nthu.edu.tw/info/ie.newie.htm},
  key       = {zhao4 yao4 dong1}
}

@standard{biaozhunhua2002tushu,
  author    = {全国信息与文献工作标准化技术委员会出版物格式分委员会},
  title     = {GB/T 12450-2001 图书书名页},
  address   = {北京},
  publisher = {中国标准出版社},
  year      = {2002},
  pages     = {1},
  key       = {quan2 guo2 xin4 xi1}
}

@book{chubanzhuanye2004,
  author    = {全国出版专业职业资格考试办公室},
  title     = {全国出版专业职业资格考试辅导教材: 出版专业理论与实务•中级},
  edition   = {2014},
  address   = {上海},
  publisher = {上海辞书出版社},
  year      = {2004},
  pages     = {299--307},
  key       = {quan2 guo2 chu1 ban3 ye4}
}

@techreport{who1970factors,
  author    = {{World Health Organization}},
  title     = {Factors Regulating the Immune Response: Report of {WHO Scientific Group}},
  address   = {Geneva},
  publisher = {WHO},
  year      = {1970}
}

@book{peebles2001probability,
  author    = {Peebles, Jr, Peyton Z.},
  title     = {Probability, Random Variables, and Random Signal Principles},
  edition   = {4},
  address   = {New York},
  publisher = {McGraw Hill},
  year      = {2001}
}

@incollection{baishunong1998zhiwu,
  author    = {白书农},
  title     = {植物开花研究},
  editor    = {李承森},
  booktitle = {植物科学进展},
  address   = {北京},
  publisher = {高等教育出版社},
  year      = {1998},
  pages     = {146--163},
  key       = {bai2 shu1 nong2}
}

@incollection{weinstein1974pathogenic,
  author    = {Weinstein, L and Swertz, M N},
  title     = {Pathogenic Properties of Invading Microorganism},
  editor    = {Sodeman, Jr, William A and Sodeman, William A},
  booktitle = {Pathologic physiology: mechanisms of disease},
  address   = {Philadelphia},
  publisher = {Saunders},
  year      = {1974},
  pages     = {745--772}
}

@inproceedings{hanjiren1985lun,
  author    = {韩吉人},
  title     = {论职工教育的特点},
  editor    = {中国职工教育研究会},
  booktitle = {职工教育研究论文集},
  address   = {北京},
  publisher = {人民教育出版社},
  year      = {1985},
  pages     = {90--99},
  key       = {han2 ji2 ren2}
}

@periodical{dizhi1936dizhi,
  author    = {中国地质学会},
  title     = {地质评论},
  year      = {1936},
  volume    = {1},
  number    = {1},
  address   = {北京},
  publisher = {地质出版社},
  key       = {zhong1 guo2 di4 zhi3 xue2 hui4}
}

@periodical{tushuguan1957tushuguanxue,
  author    = {中国图书馆学会},
  title     = {图书馆学通讯},
  year      = {1957/1990},
  number    = {1--4},
  address   = {北京},
  publisher = {北京图书馆},
  key       = {zhong1 guo2 tu2 shu1 guan3 xue2 hui4}
}

@periodical{aaas1883science,
  author    = {{American Association for the Advancement of Science}},
  title     = {Science},
  year      = {1883},
  volume    = {1},
  number    = {1},
  address   = {Washington, D.C.},
  publisher = {American Association for the Advancement of Science}
}

@newspaper{fugang2000fengsha,
  author  = {傅刚 and 赵承 and 李佳路},
  title   = {大风沙过后的思考},
  journal = {北京青年报},
  date    = {2000-04-12},
  number  = {14},
  urldate = {2002-03-06},
  url     = {http://www.bjyouth.com.cn/Bqb/20000412/B/4216%5ED0412B1401.htm},
  key     = {fu4 gang1}
}

@online{xiaoyu2001chubanye,
  author  = {萧钰},
  title   = {出版业信息化迈入快车道},
  year    = {2001},
  date    = {2001-12-19},
  urldate = {2002-04-15},
  url     = {http://www.creader.com/news/20011219/200112190019.htm},
  key     = {xiao1 yu4}
}

@online{oclc2000about,
  author  = {{Online Computer Library Center, Inc}},
  title   = {About {OCLC}: History of Cooperation},
  urldate = {2000-01-08},
  url     = {http://www.oclc.org/about/cooperation.en.htm}
}

@software{scitor2000project,
  author    = {{Scitor Corporation}},
  title     = {Project scheduler},
  address   = {Sunnyvale, Calif.},
  publisher = {Scitor Corporation},
  year      = {1983},
  medium    = {DK}
}

%%% ====================================================================
%%%  BibTeX-file{
%%%     author          = "Gerry Murray",
%%%     version         = "1.2",
%%%     date            = "2 April 2012",
%%%     filename        = "acmsmall-sample-bibfile.bib",
%%%     address         = "ACM, NY",
%%%     email           = "murray at hq.acm.org",
%%%     codetable       = "ISO/ASCII",
%%%     keywords        = "ACM Reference Format, bibliography, citation, references",
%%%     supported       = "yes",
%%%     docstring       = "This BibTeX database file contains 'bibdata' entries
%%%                        that 'match' the examples provided in the Specifications Document
%%%                        AND, also, 'legacy'-type bibs. It should assist authors in
%%%                        choosing the 'correct' at-bibtype and necessary bib-fields
%%%                        so as to obtain the appropriate ACM Reference Format output.
%%%                        It also contains many 'Standard Abbreviations'. "
%%%  }
%%% ====================================================================

% Journals

% First the Full Name is given, then the abbreviation used in the AMS Math
% Reviews, with an indication if it could not be found there.
% Note the 2nd overwrites the 1st, so swap them if you want the full name.

 %{AMS}
 @String{AMSTrans = "American Mathematical Society Translations" }
 @String{AMSTrans = "Amer. Math. Soc. Transl." }
 @String{BullAMS = "Bulletin of the American Mathematical Society" }
 @String{BullAMS = "Bull. Amer. Math. Soc." }
 @String{ProcAMS = "Proceedings of the American Mathematical Society" }
 @String{ProcAMS = "Proc. Amer. Math. Soc." }
 @String{TransAMS = "Transactions of the American Mathematical Society" }
 @String{TransAMS = "Trans. Amer. Math. Soc." }

 %ACM
 @String{CACM = "Communications of the {ACM}" }
 @String{CACM = "Commun. {ACM}" }
 @String{CompServ = "Comput. Surveys" }
 @String{JACM = "J. ACM" }
 @String{ACMMathSoft = "{ACM} Transactions on Mathematical Software" }
 @String{ACMMathSoft = "{ACM} Trans. Math. Software" }
 @String{SIGNUM = "{ACM} {SIGNUM} Newsletter" }
 @String{SIGNUM = "{ACM} {SIGNUM} Newslett." }

 @String{AmerSocio = "American Journal of Sociology" }
 @String{AmerStatAssoc = "Journal of the American Statistical Association" }
 @String{AmerStatAssoc = "J. Amer. Statist. Assoc." }
 @String{ApplMathComp = "Applied Mathematics and Computation" }
 @String{ApplMathComp = "Appl. Math. Comput." }
 @String{AmerMathMonthly = "American Mathematical Monthly" }
 @String{AmerMathMonthly = "Amer. Math. Monthly" }
 @String{BIT = "{BIT}" }
 @String{BritStatPsych = "British Journal of Mathematical and Statistical
          Psychology" }
 @String{BritStatPsych = "Brit. J. Math. Statist. Psych." }
 @String{CanMathBull = "Canadian Mathematical Bulletin" }
 @String{CanMathBull = "Canad. Math. Bull." }
 @String{CompApplMath = "Journal of Computational and Applied Mathematics" }
 @String{CompApplMath = "J. Comput. Appl. Math." }
 @String{CompPhys = "Journal of Computational Physics" }
 @String{CompPhys = "J. Comput. Phys." }
 @String{CompStruct = "Computers and Structures" }
 @String{CompStruct = "Comput. \& Structures" }
 @String{CompJour = "The Computer Journal" }
 @String{CompJour = "Comput. J." }
 @String{CompSysSci = "Journal of Computer and System Sciences" }
 @String{CompSysSci = "J. Comput. System Sci." }
 @String{Computing = "Computing" }
 @String{ContempMath = "Contemporary Mathematics" }
 @String{ContempMath = "Contemp. Math." }
 @String{Crelle = "Crelle's Journal" }
 @String{GiornaleMath = "Giornale di Mathematiche" }
 @String{GiornaleMath = "Giorn. Mat." } % didn't find in AMS MR., ibid.

 %IEEE
 @String{Computer = "{IEEE} Computer" }
 @String{IEEETransComp = "{IEEE} Transactions on Computers" }
 @String{IEEETransComp = "{IEEE} Trans. Comput." }
 @String{IEEETransAC = "{IEEE} Transactions on Automatic Control" }
 @String{IEEETransAC = "{IEEE} Trans. Automat. Control" }
 @String{IEEESpec = "{IEEE} Spectrum" } % didn't find in AMS MR
 @String{ProcIEEE = "Proceedings of the {IEEE}" }
 @String{ProcIEEE = "Proc. {IEEE}" } % didn't find in AMS MR
 @String{IEEETransAeroElec = "{IEEE} Transactions on Aerospace and Electronic
     Systems" }
 @String{IEEETransAeroElec = "{IEEE} Trans. Aerospace Electron. Systems" }

 @String{IMANumerAna = "{IMA} Journal of Numerical Analysis" }
 @String{IMANumerAna = "{IMA} J. Numer. Anal." }
 @String{InfProcLet = "Information Processing Letters" }
 @String{InfProcLet = "Inform. Process. Lett." }
 @String{InstMathApp = "Journal of the Institute of Mathematics and
     its Applications" }
 @String{InstMathApp = "J. Inst. Math. Appl." }
 @String{IntControl = "International Journal of Control" }
 @String{IntControl = "Internat. J. Control" }
 @String{IntNumerEng = "International Journal for Numerical Methods in
     Engineering" }
 @String{IntNumerEng = "Internat. J. Numer. Methods Engrg." }
 @String{IntSuper = "International Journal of Supercomputing Applications" }
 @String{IntSuper = "Internat. J. Supercomputing Applic." } % didn't find
%% in AMS MR
 @String{Kibernetika = "Kibernetika" }
 @String{JResNatBurStand = "Journal of Research of the National Bureau
     of Standards" }
 @String{JResNatBurStand = "J. Res. Nat. Bur. Standards" }
 @String{LinAlgApp = "Linear Algebra and its Applications" }
 @String{LinAlgApp = "Linear Algebra Appl." }
 @String{MathAnaAppl = "Journal of Mathematical Analysis and Applications" }
 @String{MathAnaAppl = "J. Math. Anal. Appl." }
 @String{MathAnnalen = "Mathematische Annalen" }
 @String{MathAnnalen = "Math. Ann." }
 @String{MathPhys = "Journal of Mathematical Physics" }
 @String{MathPhys = "J. Math. Phys." }
 @String{MathComp = "Mathematics of Computation" }
 @String{MathComp = "Math. Comp." }
 @String{MathScand = "Mathematica Scandinavica" }
 @String{MathScand = "Math. Scand." }
 @String{TablesAidsComp = "Mathematical Tables and Other Aids to Computation" }
 @String{TablesAidsComp = "Math. Tables Aids Comput." }
 @String{NumerMath = "Numerische Mathematik" }
 @String{NumerMath = "Numer. Math." }
 @String{PacificMath = "Pacific Journal of Mathematics" }
 @String{PacificMath = "Pacific J. Math." }
 @String{ParDistComp = "Journal of Parallel and Distributed Computing" }
 @String{ParDistComp = "J. Parallel and Distrib. Comput." } % didn't find
%% in AMS MR
 @String{ParComputing = "Parallel Computing" }
 @String{ParComputing = "Parallel Comput." }
 @String{PhilMag = "Philosophical Magazine" }
 @String{PhilMag = "Philos. Mag." }
 @String{ProcNAS = "Proceedings of the National Academy of Sciences
                    of the USA" }
 @String{ProcNAS = "Proc. Nat. Acad. Sci. U. S. A." }
 @String{Psychometrika = "Psychometrika" }
 @String{QuartMath = "Quarterly Journal of Mathematics, Oxford, Series (2)" }
 @String{QuartMath = "Quart. J. Math. Oxford Ser. (2)" }
 @String{QuartApplMath = "Quarterly of Applied Mathematics" }
 @String{QuartApplMath = "Quart. Appl. Math." }
 @String{RevueInstStat = "Review of the International Statisical Institute" }
 @String{RevueInstStat = "Rev. Inst. Internat. Statist." }

 %SIAM
 @String{JSIAM = "Journal of the Society for Industrial and Applied
     Mathematics" }
 @String{JSIAM = "J. Soc. Indust. Appl. Math." }
 @String{JSIAMB = "Journal of the Society for Industrial and Applied
     Mathematics, Series B, Numerical Analysis" }
 @String{JSIAMB = "J. Soc. Indust. Appl. Math. Ser. B Numer. Anal." }
 @String{SIAMAlgMeth = "{SIAM} Journal on Algebraic and Discrete Methods" }
 @String{SIAMAlgMeth = "{SIAM} J. Algebraic Discrete Methods" }
 @String{SIAMAppMath = "{SIAM} Journal on Applied Mathematics" }
 @String{SIAMAppMath = "{SIAM} J. Appl. Math." }
 @String{SIAMComp = "{SIAM} Journal on Computing" }
 @String{SIAMComp = "{SIAM} J. Comput." }
 @String{SIAMMatrix = "{SIAM} Journal on Matrix Analysis and Applications" }
 @String{SIAMMatrix = "{SIAM} J. Matrix Anal. Appl." }
 @String{SIAMNumAnal = "{SIAM} Journal on Numerical Analysis" }
 @String{SIAMNumAnal = "{SIAM} J. Numer. Anal." }
 @String{SIAMReview = "{SIAM} Review" }
 @String{SIAMReview = "{SIAM} Rev." }
 @String{SIAMSciStat = "{SIAM} Journal on Scientific and Statistical
     Computing" }
 @String{SIAMSciStat = "{SIAM} J. Sci. Statist. Comput." }

 @String{SoftPracExp = "Software Practice and Experience" }
 @String{SoftPracExp = "Software Prac. Experience" } % didn't find in AMS MR
 @String{StatScience = "Statistical Science" }
 @String{StatScience = "Statist. Sci." }
 @String{Techno = "Technometrics" }
 @String{USSRCompMathPhys = "{USSR} Computational Mathematics and Mathematical
     Physics" }
 @String{USSRCompMathPhys = "{U. S. S. R.} Comput. Math. and Math. Phys." }
 @String{VLSICompSys = "Journal of {VLSI} and Computer Systems" }
 @String{VLSICompSys = "J. {VLSI} Comput. Syst." }
 @String{ZAngewMathMech = "Zeitschrift fur Angewandte Mathematik und
     Mechanik" }
 @String{ZAngewMathMech = "Z. Angew. Math. Mech." }
 @String{ZAngewMathPhys = "Zeitschrift fur Angewandte Mathematik und Physik" }
 @String{ZAngewMathPhys = "Z. Angew. Math. Phys." }

% Publishers % ================================================= |

 @String{Academic = "Academic Press" }
 @String{ACMPress = "{ACM} Press" }
 @String{AdamHilger = "Adam Hilger" }
 @String{AddisonWesley = "Addison-Wesley" }
 @String{AllynBacon = "Allyn and Bacon" }
 @String{AMS = "American Mathematical Society" }
 @String{Birkhauser = "Birkha{\"u}ser" }
 @String{CambridgePress = "Cambridge University Press" }
 @String{Chelsea = "Chelsea" }
 @String{ClaredonPress = "Claredon Press" }
 @String{DoverPub = "Dover Publications" }
 @String{Eyolles = "Eyolles" }
 @String{HoltRinehartWinston = "Holt, Rinehart and Winston" }
 @String{Interscience = "Interscience" }
 @String{JohnsHopkinsPress = "The Johns Hopkins University Press" }
 @String{JohnWileySons = "John Wiley and Sons" }
 @String{Macmillan = "Macmillan" }
 @String{MathWorks = "The Math Works Inc." }
 @String{McGrawHill = "McGraw-Hill" }
 @String{NatBurStd = "National Bureau of Standards" }
 @String{NorthHolland = "North-Holland" }
 @String{OxfordPress = "Oxford University Press" }  %address Oxford or London?
 @String{PergamonPress = "Pergamon Press" }
 @String{PlenumPress = "Plenum Press" }
 @String{PrenticeHall = "Prentice-Hall" }
 @String{SIAMPub = "{SIAM} Publications" }
 @String{Springer = "Springer-Verlag" }
 @String{TexasPress = "University of Texas Press" }
 @String{VanNostrand = "Van Nostrand" }
 @String{WHFreeman = "W. H. Freeman and Co." }

%Entries

@inproceedings{Carr2001,
  author    = {Carr, J. C. and Beatson, R. K. and Cherrie, J. B. and Mitchell, T. J. and Fright, W. R. and McCallum, B. C. and Evans, T. R.},
  booktitle = {Proceedings of the 28th Annual Conference on Computer Graphics and Interactive Techniques - SIGGRAPH '01},
  title     = {Reconstruction and Representation of 3D Objects with Radial Basis Functions},
  pages     = {67--76},
  year      = {2001},
  publisher = {ACM Press}
}

@article{Gandy2001,
  author  = {Gandy, Paul J F and Bardhan, Sonny and Mackay, Alan L and Klinowski, Jacek},
  journal = {Chmical Physics Letters},
  number  = {3},
  pages   = {187-195},
  title   = {Nodal surface approximations to the P , G , D and I-WP triply periodic minimal surfaces},
  volume  = {336},
  year    = {2001}
}

@inproceedings{Zhang2017,
  title     = {Thermal-{Comfort} {Design} of {Personalized} {Casts}},
  urldate   = {2021-09-07},
  booktitle = {Proceedings of the 30th {Annual} {ACM} {Symposium} on {User} {Interface} {Software} and {Technology}},
  publisher = {ACM},
  author    = {Zhang, Xiaoting and Fang, Guoxin and Dai, Chengkai and Verlinden, Jouke and Wu, Jun and Whiting, Emily and Wang, Charlie C.L.},
  year      = {2017},
  pages     = {243--254}
}
@article{Rao2019,
  title   = {Consistently fitting orthopedic casts},
  volume  = {71},
  journal = {Computer Aided Geometric Design},
  author  = {Rao, Cong and Tian, Lihao and Yan, Dong-Ming and Liao, Shenghui and Deussen, Oliver and Lu, Lin},
  year    = {2019},
  pages   = {130--141}
}
@article{Darren2018,
  title   = {Generalised primal-dual grids for unstructured co-volume schemes},
  journal = {Journal of Computational Physics},
  volume  = {375},
  pages   = {155-176},
  year    = {2018},
  author  = {Darren, Engwirda}
}

@article{Bendsoe1989,
  title   = {Optimal shape design as a material distribution problem},
  author  = {Bends{\o}e, Martin P},
  journal = {Structural optimization},
  volume  = {1},
  number  = {4},
  pages   = {193--202},
  year    = {1989}
}


@article{Guo2016,
  author  = {Weisheng Zhang and Jie Yuan and Jian Zhang and Xu Guo},
  journal = {Struct Multidisc Optim},
  pages   = {1243-1260},
  title   = {A new topology optimization approach based on Moving Morphable Components (MMC) and the ersatz material model},
  volume  = {53},
  year    = {2016}
}

@article{Hu2020,
  author  = {Hu, Jiangbei and Wang, Shengfa and Li, Baojun and Li, Fengqi and Luo, Zhongxuan and Liu, Ligang},
  journal = {IEEE Transactions on Visualization and Computer Graphics},
  title   = {Efficient Representation and Optimization for TPMS-Based Porous Structures},
  year    = {2020},
  volume  = {},
  number  = {},
  pages   = {1-1}
}

@article{Nguyen2010,
  author  = {Nguyen, Tam H. and Paulino, Glaucio H. and Song, Junho and Le, Chau H.},
  journal = {Structural and Multidisciplinary Optimization},
  number  = {4},
  pages   = {525--539},
  title   = {{A computational paradigm for multiresolution topology optimization (MTOP)}},
  volume  = {41},
  year    = {2010}
}

@article{Liu2018MMC,
  author  = {Liu, Chang and Zhu, Yichao and Sun, Zhi and li, Dingding and Du, Zongliang and Zhang, Weisheng and Guo, Xu},
  year    = {2018},
  title   = {An efficient Moving Morphable Component (MMC)-based approach for multi-resolution topology optimization},
  journal = {Structural and Multidisciplinary Optimization},
  volume  = {58},
  number  = {6},
  pages   = {2455-2479}
}

@article{Svanberg2002,
  author  = {Svanberg, Krister},
  title   = {A Class of Globally Convergent Optimization Methods Based on Conservative Convex Separable Approximations},
  journal = {SIAM Journal on Optimization},
  volume  = {12},
  number  = {2},
  pages   = {555-573},
  year    = {2002}
}

@book{bendsoe2003,
  title     = {Topology optimization: theory, methods, and applications},
  author    = {Bendsoe, Martin Philip and Sigmund, Ole},
  year      = {2003},
  publisher = {Springer Science \& Business Media}
}

@article{Chen2016,
  title   = {Synthesis of Filigrees for Digital Fabrication},
  author  = {Chen, Weikai and Zhang, Xiaolong and Xin, Shiqing and Xia, Yang and Lefebvre, Sylvain and Wang, Wenping},
  year    = {2016},
  journal = {ACM Transactions on Graphics},
  volume  = {35},
  number  = {4},
  pages   = {1--13}
}
@article{Pietroni2015,
  title   = {Statics {{Aware Grid Shells}}},
  author  = {Pietroni, Nico and Tonelli, Davide and Puppo, Enrico and Froli, Maurizio and Scopigno, Roberto and Cignoni, Paolo},
  year    = {2015},
  journal = {Computer Graphics Forum},
  volume  = {34},
  number  = {2},
  pages   = {627--641}
}


@article{Yang2019,
  title     = {Binary {{Image Carving}} for {{3D Printing}}},
  author    = {Yang, Jingru and He, Sha and Lu Lin},
  year      = {2019},
  journal   = {Computer-Aided Design},
  volume    = {114},
  pages     = {191--201},
  publisher = {{Elsevier}}
}

@article{stadlbauer2020,
  title   = {Interactive {{Modeling}} of {{Cellular Structures}} on {{Surfaces}} with {{Application}} to {{Additive Manufacturing}}},
  author  = {Stadlbauer, Pascal and Mlakar, Daniel and Seidel, H-P and Steinberger, Markus and Zayer, Rhaleb},
  year    = {2020},
  journal = {Computer Graphics Forum},
  volume  = {39},
  number  = {2},
  pages   = {277--289}
}

@article{Sven1991,
  title   = {A simple algorithm for computing the smallest enclosing circle},
  journal = {Information Processing Letters},
  volume  = {37},
  number  = {3},
  pages   = {121-125},
  year    = {1991},
  author  = {Sven Skyum}
}

@article{Dumas2015,
  title   = {By-Example Synthesis of Structurally Sound Patterns},
  author  = {Dumas, J{\'e}r{\'e}mie and Lu, An and Lefebvre, Sylvain and Wu, Jun and Dick, Christian},
  year    = {2015},
  journal = {ACM Transactions on Graphics},
  volume  = {34},
  number  = {4},
  pages   = {1--12}
}

@article{Peng2018,
  title   = {Designing Patterns Using Triangle-Quad Hybrid Meshes},
  author  = {Peng, Chi-Han and Pottmann, Helmut and Wonka, Peter},
  year    = {2018},
  journal = {ACM Transactions on Graphics},
  volume  = {37},
  number  = {4},
  pages   = {1--14}
}
@article{Zehnder2016,
  title   = {Designing Structurally-Sound Ornamental Curve Networks},
  author  = {Zehnder, Jonas and Coros, Stelian and Thomaszewski, Bernhard},
  year    = {2016},
  journal = {ACM Transactions on Graphics},
  volume  = {35},
  number  = {4},
  pages   = {1--10}
}

@article{perez2017,
  title   = {Computational design and automated fabrication of kirchhoff-plateau surfaces},
  author  = {P{\'e}rez, Jes{\'u}s and Otaduy, Miguel A and Thomaszewski, Bernhard},
  journal = {ACM Transactions on Graphics (TOG)},
  volume  = {36},
  number  = {4},
  pages   = {1--12},
  year    = {2017}
}

@article{bermano2017,
  title   = {State of the art in methods and representations for fabrication-aware design},
  author  = {Bermano, Amit H and Funkhouser, Thomas and Rusinkiewicz, Szymon},
  journal = {Computer Graphics Forum},
  volume  = {36},
  number  = {2},
  pages   = {509--535},
  year    = {2017}
}

@article{bickel2018,
  title   = {State of the art on stylized fabrication},
  author  = {Bickel, Bernd and Cignoni, Paolo and Malomo, Luigi and Pietroni, Nico},
  journal = {Computer Graphics Forum},
  volume  = {37},
  number  = {6},
  pages   = {325--342},
  year    = {2018}
}

@article{Liu2020,
  title   = {Fabricable dihedral Escher tessellations},
  author  = {Liu, Xiaokang and Lu, Lin and Sharf, Andrei and Yan, Xin and Lischinski, Dani and Tu, Changhe},
  journal = {Computer-Aided Design},
  volume  = {127},
  pages   = {1--10},
  year    = {2020}
}

@article{Ahsan2018,
  title   = {Honeycomb Pattern on Thin Wall Object with Grain Based 3d Printing},
  author  = {Ahsan, AMM Nazmul and Khoda, Bashir},
  year    = {2018},
  journal = {Procedia Manufacturing},
  volume  = {26},
  pages   = {900--911}
}
@article{marsalek2020,
  title   = {Modeling and {{Testing}} of {{Flexible Structures}} with {{Selected Planar Patterns Used}} in {{Biomedical Applications}}},
  author  = {Marsalek, Pavel and Sotola, Martin and Rybansky, David and Repa, Vojtech and Halama, Radim and Fusek, Martin and Prokop, Jiri},
  year    = {2020},
  journal = {Materials},
  volume  = {14},
  number  = {1},
  pages   = {140}
}
@article{Wang2013,
  author  = {Wang, Weiming and Wang, Tuanfeng and Yang, Zhouwang and Liu, Ligang and Liu, Xiuping},
  title   = {Cost-effective printing of 3D objects with skin-frame structures},
  journal = {ACM Transactions on Graphics},
  volume  = {32},
  number  = {6},
  pages   = {177:1-177:10},
  year    = {2013}
}
@article{ZHANG2015,
  title   = {Medial axis tree - an internal supporting structure for 3D printing},
  author  = {Zhang, Xiaolong and  Xia, Yang and Wang, Jiaye and Yang, Zhouwang and  Tu, Changhe and  Wang, Wenping},
  journal = {Computer Aided Geometric Design},
  volume  = {35-36},
  pages   = {149-162},
  year    = {2015}
}
@article{Chai2018,
  author  = {Shuangming Chai and Baiyu Chen and Mengyu Ji and Zhouwang Yang and Manfred Lau and Xiao-Ming Fu and Ligang Liu},
  journal = {Graphical Models},
  title   = {Stress-Oriented Structural Optimization for Frame Structures},
  pages   = {80-88},
  volume  = {97},
  year    = {2018}
}
@article{Lu:2014,
  author  = {Lu, Lin and Sharf, Andrei and Zhao, Haisen and Wei, Yuan and Fan, Qingnan and Chen, Xuelin and Savoye, Yann and Tu, Changhe and Cohen-Or, Daniel and Chen, Baoquan},
  title   = {Build-to-last: Strength to weight 3D Printed Objects},
  journal = {ACM Transactions on Graphics},
  volume  = {33},
  number  = {4},
  year    = {2014},
  pages   = {97:1-97:10}
}
@article{Kuipers2019,
  author  = {Kuipers, Tim and Wu, Jun and Wang, Charlie C.L.},
  journal = {Computer Aided Design},
  pages   = {37--50},
  title   = {{CrossFill: Foam Structures with Graded Density for Continuous Material Extrusion}},
  volume  = {114},
  year    = {2019}
}

@article{Hollister2005,
  author  = {Hollister, Scott J and Mater, Nat},
  journal = {Natural Materials},
  pages   = {518-524},
  title   = {Porous scaffold design for tissue},
  volume  = {4},
  year    = {2005}
}

@article{Schroeder2005,
  author  = {Schroeder, Craig and Regli, William C and Shokoufandeh, Ali and Sun, Wei},
  journal = {Computer Aided Design},
  pages   = {339-353},
  title   = {Computer-aided design of porous artifacts},
  volume  = {37},
  year    = {2005}
}
@article{schumacher2018b,
  title   = {Set-in-stone: worst-case optimization of structures weak in tension},
  author  = {Schumacher, Christian and Zehnder, Jonas and B{\"a}cher, Moritz},
  journal = {ACM Transactions on Graphics},
  pages   = {252:1-252:13},
  year    = {2018},
  volume  = {37},
  number  = {6}
}
@article{Prevost:2013,
  author  = {Prevost, Romain and Whiting, Emily and Lefebvre, Sylvain and Sorkine-Hornung, Olga},
  title   = {Make it stand: Balancing shapes for 3D fabrication},
  journal = {ACM Transactions on Graphics},
  volume  = {32},
  number  = {4},
  year    = {2013},
  pages   = {81:1-81:10}
}
@article{Bacher:2014,
  author  = {Bacher, Moritz and Whiting, Emily and Bickel, Bernd and Sorkine-Hornung, Olga},
  title   = {Spin-it:Optimizing moment of inertia for spinnable objects},
  journal = {ACM Transactions on Graphics},
  volume  = {33},
  number  = {4},
  year    = {2014},
  pages   = {96:1-96:10}
}
@article{Skouras:2013,
  author  = {Skouras, Melina and Thomaszewski, Bernhard and Coros, Stelian and Bickel, Bernd and Gross, Markus},
  title   = {Computational design of actuated deformable characters},
  journal = {ACM Transactions on Graphics},
  volume  = {32},
  number  = {4},
  year    = {2013},
  pages   = {82:1-82:10}
}
@article{allaire1997,
  title   = {Shape optimization by the homogenization method},
  author  = {Allaire, Gr{\'e}goire and Bonnetier, Eric and Francfort, Gilles and Jouve, Fran{\c{c}}ois},
  journal = {Numerische Mathematik},
  volume  = {76},
  number  = {1},
  pages   = {27-68},
  year    = {1997}
}


@article{Wang2003,
  author  = {Wang, Michael Yu and Wang, Xiaoming and Guo, Dongming},
  journal = {Computer Methods in Applied Mechanics and Engineering},
  number  = {1-2},
  pages   = {227--246},
  title   = {A level set method for structural topology optimization},
  volume  = {192},
  year    = {2003}
}

@article{xie1993,
  author    = {Xie, Yi and Steven, Grant},
  year      = {1993},
  title     = {A Simple Evolutionary Procedure for Structural Optimization},
  volume    = {49},
  booktitle = {Computers and Structures},
  pages     = {885-896}
}

@article{Wu2018TVCG,
  author  = {Wu, Jun and Aage, Niels and Westermann, R\"udiger and Sigmund, Ole},
  title   = {Infill Optimization for Additive Manufacturing -- Approaching Bone-like Porous Structures},
  journal = {IEEE Transactions on Visualization and Computer Graphics},
  year    = {2018},
  volume  = {24},
  number  = {2},
  pages   = {1127-1140}
}


@article{martinez2015,
  title   = {Structure and Appearance Optimization for Controllable Shape Design},
  author  = {Mart{\'i}nez, Jon{\`a}s and Dumas, J{\'e}r{\'e}mie and Lefebvre, Sylvain and Wei, Li-Yi},
  year    = {2015},
  journal = {ACM Transactions on Graphics},
  volume  = {34},
  number  = {6},
  pages   = {1--11}
}

@article{Wu2005,
  title   = {Convexification and concavification for a general class of global optimization problems},
  author  = {Wu, Zhi-You and Bai, FS and Zhang, Lian-Sheng},
  journal = {Journal of Global Optimization},
  volume  = {31},
  number  = {1},
  pages   = {45--60},
  year    = {2005}
}

@book{farshad2013,
  title     = {Design and analysis of shell structures},
  author    = {Farshad, Mehdi},
  volume    = {16},
  year      = {2013},
  publisher = {Springer Science \& Business Media}
}

@book{adriaenssens2014,
  title     = {Shell structures for architecture: form finding and optimization},
  author    = {Adriaenssens, Sigrid and Block, Philippe and Veenendaal, Diederik and Williams, Chris},
  year      = {2014},
  publisher = {Routledge}
}

@book{melaragno2012,
  title     = {An introduction to shell structures: The art and science of vaulting},
  author    = {Melaragno, Michele},
  year      = {2012},
  publisher = {Springer Science \& Business Media}
}

@article{bucalem1997,
  title   = {Finite element analysis of shell structures},
  author  = {Bucalem, ML and Bathe, Klaus-Jurgen},
  journal = {Archives of Computational Methods in Engineering},
  volume  = {4},
  number  = {1},
  pages   = {3--61},
  year    = {1997}
}

@article{panetta2019,
  title   = {X-shells: A new class of deployable beam structures},
  author  = {Panetta, Julian and Konakovi{\'c}-Lukovi{\'c}, MINA and Isvoranu, Florin and Bouleau, Etienne and Pauly, Mark},
  journal = {ACM Transactions on Graphics},
  volume  = {38},
  number  = {4},
  pages   = {1--15},
  year    = {2019}
}

@article{martinez2019,
  title   = {Star-shaped metrics for mechanical metamaterial design},
  author  = {Mart{\'\i}nez, Jon{\`a}s and Skouras, M{\'e}lina and Schumacher, Christian and Hornus, Samuel and Lefebvre, Sylvain and Thomaszewski, Bernhard},
  journal = {ACM Transactions on Graphics},
  volume  = {38},
  number  = {4},
  pages   = {1--13},
  year    = {2019}
}

@article{schumacher2018,
  title   = {Mechanical characterization of structured sheet materials},
  author  = {Schumacher, Christian and Marschner, Steve and Gross, Markus and Thomaszewski, Bernhard},
  journal = {ACM Transactions on Graphics},
  volume  = {37},
  number  = {4},
  pages   = {1--15},
  year    = {2018}
}

@article{liu2018,
  title   = {Current and future trends in topology optimization for additive manufacturing},
  author  = {Liu, Jikai and Gaynor, Andrew T and Chen, Shikui and Kang, Zhan and Suresh, Krishnan and Takezawa, Akihiro and Li, Lei and Kato, Junji and Tang, Jinyuan and Wang, Charlie CL and others},
  journal = {Structural and Multidisciplinary Optimization},
  volume  = {57},
  number  = {6},
  pages   = {2457--2483},
  year    = {2018}
}

@article{wang2017,
  title   = {Support-free hollowing},
  author  = {Wang, Weiming and Liu, Yong-Jin and Wu, Jun and Tian, Shengjing and Wang, Charlie CL and Liu, Ligang and Liu, Xiuping},
  journal = {IEEE Transactions on Visualization and Computer Graphics},
  volume  = {24},
  number  = {10},
  pages   = {2787--2798},
  year    = {2017}
}

@article{jiang2014,
  title   = {Freeform honeycomb structures},
  author  = {Jiang, Caigui and Wang, Jun and Wallner, Johannes and Pottmann, Helmut},
  journal = {Computer Graphics Forum},
  volume  = {33},
  number  = {5},
  pages   = {185--194},
  year    = {2014}
}

@article{cheng2019,
  title   = {Functionally graded lattice structure topology optimization for the design of additive manufactured components with stress constraints},
  author  = {Cheng, Lin and Bai, Jiaxi and To, Albert C},
  journal = {Computer Methods in Applied Mechanics and Engineering},
  volume  = {344},
  pages   = {334--359},
  year    = {2019}
}

@article{cirak2002,
  title   = {Integrated modeling, finite-element analysis, and engineering design for thin-shell structures using subdivision},
  author  = {Cirak, Fehmi and Scott, Michael J and Antonsson, Erik K and Ortiz, Michael and Schr{\"o}der, Peter},
  journal = {Computer-Aided Design},
  volume  = {34},
  number  = {2},
  pages   = {137--148},
  year    = {2002}
}

@book{jawad2012,
  title     = {Theory and design of plate and shell structures},
  author    = {Jawad, Maan},
  year      = {2012},
  publisher = {Springer Science \& Business Media}
}

@inproceedings{yan2021,
  title     = {Man-made by Computer: On-the-Fly Fine Texture 3D Printing},
  author    = {Yan, Xin and Lu, Lin and Sharf, Andrei and Yu, Xing and Sun, Yulu},
  booktitle = {Symposium on Computational Fabrication},
  pages     = {1--10},
  year      = {2021}
}

@incollection{le2021,
  title     = {Optimized binarization for eggshell carving art},
  author    = {Le, Thi Ngoc Hanh and Yao, Sheng-Yi and Yeh, Chih-Kuo and Wang, Sheng-Jie and Lee, Tong-Yee},
  booktitle = {SIGGRAPH Asia 2021 Posters},
  pages     = {1--2},
  year      = {2021}
}

@article{schumacher2016,
  title        = {Stenciling: Designing Structurally-Sound Surfaces with Decorative Patterns},
  author       = {Schumacher, Christian and Thomaszewski, Bernhard and Gross, Markus},
  journal      = {Computer Graphics Forum},
  volume       = {35},
  number       = {5},
  pages        = {101--110},
  year         = {2016},
  organization = {Wiley Online Library}
}

@inproceedings{li2017,
  title        = {Rib-reinforced shell structure},
  author       = {Li, Wei and Zheng, Anzong and You, Lihua and Yang, Xiaosong and Zhang, Jianjun and Liu, Ligang},
  booktitle    = {Computer Graphics Forum},
  volume       = {36},
  number       = {7},
  pages        = {15--27},
  year         = {2017},
  organization = {Wiley Online Library}
}

@article{Zhang2014-LBC,
  author  = {Zhang, Juyong and Deng, Bailin and Liu, Zishun and Patan\`{e}, Giuseppe and Bouaziz, Sofien and Hormann, Kai and Liu, Ligang},
  title   = {Local Barycentric Coordinates},
  journal = {ACM Trans. Graph.},
  volume  = {33},
  number  = {6},
  year    = {2014}
} 

@misc{Directional,
  author = {Amir Vaxman and others},
  title  = {{Directional: A library for Directional Field 
            Synthesis, Design, and Processing}},
  year   = 2021,
  doi    = {10.5281/zenodo.3338174},
  url    = {https://doi.org/10.5281/zenodo.3338174}
}

@article{levy2010p,
  title     = {L p centroidal voronoi tessellation and its applications},
  author    = {L{\'e}vy, Bruno and Liu, Yang},
  journal   = {ACM Transactions on Graphics (TOG)},
  volume    = {29},
  number    = {4},
  pages     = {1--11},
  year      = {2010},
  publisher = {ACM New York, NY, USA}
}

@inproceedings{Greg2001,
  author    = {Turk, Greg},
  title     = {Texture Synthesis on Surfaces},
  year      = {2001},
  booktitle = {Proceedings of the 28th Annual Conference on Computer Graphics and Interactive Techniques},
  pages     = {347–354},
  numpages  = {8},
  series    = {SIGGRAPH '01}
}

@book{cohen2001,
  title     = {Geometric modeling with splines: an introduction},
  author    = {Cohen, Elaine and Riesenfeld, Richard F and Elber, Gershon},
  year      = {2001},
  publisher = {CRC Press}
}

@article{leung2015,
  title     = {A unified framework for isotropic meshing based on narrow-band Euclidean distance transformation},
  author    = {Leung, Yuen-Shan and Wang, Xiaoning and He, Ying and Liu, Yong-Jin and Wang, Charlie CL},
  journal   = {Computational Visual Media},
  volume    = {1},
  number    = {3},
  pages     = {239--251},
  year      = {2015},
  publisher = {Springer}
}


@article{Buhmann:1998:DCQ,
  author  = {J. M. Buhmann and D. W. Fellner and M. Held and J.
             Ketterer and J. Puzicha},
  title   = {Dithered Color Quantization},
  journal = cgforum,
  editor  = {N. Ferreira and M. G\"{o}bel},
  volume  = {17},
  number  = {3},
  month   = Sep,
  year    = {1998},
  pages   = {C219-C231},
  doi     = {10.1111/1467-8659.00269},
  note    = {(Proc. Eurographics'98)
             \httpsAddr{//diglib.eg.org/handle/10.2312/8491}}
}

@article{Fellner-Helmberg93,
  author  = {Fellner, Dieter W. and Helmberg, Christoph},
  title   = {Robust Rendering of General Ellipses and Elliptical Arcs},
  journal = tog,
  volume  = {12},
  number  = {3},
  month   = Jul,
  year    = {1993},
  pages   = {251-276},
  doi     = {10.1145/169711.169704}
}

@book{FolDamFeiHug.etal93,
  author    = {Foley, James D. and van Dam, Andries and
               Feiner, Stephen K. and Hughes, John F. and Phillips, R.},
  title     = {Introduction to Computer Graphics},
  publisher = {Addison-Wesley},
  year      = {1993}
}

@article{Kobbelt97-USHDR,
  author  = {L. Kobbelt and M. Stamminger and H.-P. Seidel},
  title   = {Using Subdivision on Hierarchical Data to Reconstruct Radiosity
             Distribution},
  journal = cgforum,
  volume  = 16,
  number  = 3,
  pages   = {C347-C355},
  year    = 1997,
  doi     = {10.1111/1467-8659.16.3conferenceissue.36},
  note    = {(Proc. Eurographics'97)
             \httpsAddr{//diglib.eg.org/handle/10.2312/8393}}
}

@inproceedings{Lafortune97-NARF,
  author    = {Eric P. Lafortune and Sing-Choong Foo and Kenneth E. Torrance and
               Donald P. Greenberg},
  title     = {Non-Linear Approximation of Reflectance Functions},
  booktitle = {Proc. SIGGRAPH '97},
  volume    = 31,
  pages     = {117-126},
  year      = 1997,
  doi       = {10.1145/258734.258801}
}

@article{Lous90,
  author  = {Y. Le Lous},
  title   = {Report on the {F}irst {E}urographics {W}orkshop on {V}isualization in
             {S}cientific {C}omputing},
  journal = cgforum,
  volume  = {9},
  number  = {4},
  month   = dec,
  year    = {1990},
  pages   = {371-372},
  doi     = {10.1111/j.1467-8659.1990.tb00430.x}
}

@article{Seidel93,
  author  = {Seidel, Hans-Peter},
  title   = {Polar Forms for Geometrically Continuous Spline Curves of
             Arbitrary Degree},
  journal = tog,
  volume  = {12},
  number  = {1},
  month   = Jan,
  year    = {1993},
  pages   = {1-34},
  doi     = {10.1145/169728.169726}
}

@article{10.1145/2508363.2508382,
  author     = {Wang, Weiming and Wang, Tuanfeng Y. and Yang, Zhouwang and Liu, Ligang and Tong, Xin and Tong, Weihua and Deng, Jiansong and Chen, Falai and Liu, Xiuping},
  title      = {Cost-Effective Printing of 3D Objects with Skin-Frame Structures},
  year       = {2013},
  issue_date = {November 2013},
  publisher  = {Association for Computing Machinery},
  address    = {New York, NY, USA},
  volume     = {32},
  number     = {6},
  issn       = {0730-0301},
  journal    = {ACM Trans. Graph.},
  month      = {nov},
  articleno  = {177},
  numpages   = {10}
}

@article{10.1145/2601097.2601168,
  author     = {Lu, Lin and Sharf, Andrei and Zhao, Haisen and Wei, Yuan and Fan, Qingnan and Chen, Xuelin and Savoye, Yann and Tu, Changhe and Cohen-Or, Daniel and Chen, Baoquan},
  title      = {Build-to-Last: Strength to Weight 3D Printed Objects},
  year       = {2014},
  issue_date = {July 2014},
  publisher  = {Association for Computing Machinery},
  address    = {New York, NY, USA},
  volume     = {33},
  number     = {4},
  issn       = {0730-0301},
  journal    = {ACM Trans. Graph.},
  month      = {jul},
  articleno  = {97},
  numpages   = {10}
}

@article{ZHANG2015149,
  title   = {Medial axis tree—an internal supporting structure for 3D printing},
  journal = {Computer Aided Geometric Design},
  volume  = {35-36},
  pages   = {149-162},
  year    = {2015},
  note    = {Geometric Modeling and Processing 2015},
  issn    = {0167-8396},
  author  = {Xiaolong Zhang and Yang Xia and Jiaye Wang and Zhouwang Yang and Changhe Tu and Wenping Wang}
}

@article{KUIPERS201937,
  title   = {CrossFill: Foam Structures with Graded Density for Continuous Material Extrusion},
  journal = {Computer-Aided Design},
  volume  = {114},
  pages   = {37-50},
  year    = {2019},
  issn    = {0010-4485},
  author  = {Tim Kuipers and Jun Wu and Charlie C.L. Wang}
}

@article{liu2018generating,
  title   = {Generating sparse self-supporting wireframe models for 3D printing using mesh simplification},
  author  = {Liu, Xiuping and Lin, Liping and Wu, Jun and Wang, Weiming and Yin, Baocai and Wang, Charlie CL},
  journal = {Graphical Models},
  volume  = {98},
  pages   = {14--23},
  year    = {2018}
}

@article{groen2018optimization,
  title   = {Optimization and projection of coated structures with orthotropic infill material},
  author  = {Groen, Jeroen and Wu, Jun and Sigmund, Ole},
  journal = {arXiv preprint arXiv:1808.04740},
  year    = {2018}
}

@article{wu2017infill,
  title     = {Infill optimization for additive manufacturing—approaching bone-like porous structures},
  author    = {Wu, Jun and Aage, Niels and Westermann, R{\"u}diger and Sigmund, Ole},
  journal   = {IEEE transactions on visualization and computer graphics},
  volume    = {24},
  number    = {2},
  pages     = {1127--1140},
  year      = {2017},
  publisher = {IEEE}
}

@book{2013Cross,
  title     = {Cross-sectional structural analysis for 3D printing optimization},
  author    = { Umetani, N.  and  Schmidt, R. },
  publisher = {SIGGRAPH Asia 2013 Technical Briefs},
  year      = {2013}
}

@article{chen2015dapper,
  title   = {Dapper: decompose-and-pack for 3D printing.},
  author  = {Chen, Xuelin and Zhang, Hao and Lin, Jinjie and Hu, Ruizhen and Lu, Lin and Huang, Qi-Xing and Benes, Bedrich and Cohen-Or, Daniel and Chen, Baoquan and others},
  journal = {ACM Trans. Graph.},
  volume  = {34},
  number  = {6},
  pages   = {213--1},
  year    = {2015}
}

@article{musialski2016non,
  title     = {Non-linear shape optimization using local subspace projections},
  author    = {Musialski, Przemyslaw and Hafner, Christian and Rist, Florian and Birsak, Michael and Wimmer, Michael and Kobbelt, Leif},
  journal   = {ACM Transactions on Graphics (TOG)},
  volume    = {35},
  number    = {4},
  pages     = {1--13},
  year      = {2016},
  publisher = {ACM New York, NY, USA}
}


@article{hu2020efficient,
  title   = {Efficient Representation and Optimization for TPMS-Based Porous Structures},
  author  = {Hu, Jiangbei and Wang, Shengfa and Li, Baojun and Li, Fengqi and Luo, Zhongxuan and Liu, Ligang},
  journal = {IEEE Transactions on Visualization and Computer Graphics},
  year    = {2020}
}

@article{zhang2022function,
  title   = {Function Representation Based Analytic Shape Hollowing Optimization},
  author  = {Zhang, Longfei and Wang, Shengfa and Li, Baojun and Wang, Yi and Luo, Zhongxuan and Liu, Ligang},
  journal = {Computer-Aided Design},
  volume  = {144},
  pages   = {103156},
  year    = {2022}
}

@article{wu2016self,
  title   = {Self-supporting rhombic infill structures for additive manufacturing},
  author  = {Wu, Jun and Wang, Charlie CL and Zhang, Xiaoting and Westermann, R{\"u}diger},
  journal = {Computer-Aided Design},
  volume  = {80},
  pages   = {32--42},
  year    = {2016}
}

@article{wang2017support,
  title   = {Support-free frame structures},
  author  = {Wang, Weiming and Qian, Sicheng and Lin, Liping and Li, Baojun and Yin, Baocai and Liu, Ligang and Liu, Xiuping},
  journal = {Computers \& Graphics},
  volume  = {66},
  pages   = {154--161},
  year    = {2017}
}

@article{yang2018computing,
  title   = {Computing interior support-free structure via hollow-to-fill construction},
  author  = {Yang, Yang and Chai, Shuangming and Fu, Xiao-Ming},
  journal = {Computers \& Graphics},
  volume  = {70},
  pages   = {148--156},
  year    = {2018}
}

@article{xie2017support,
  title   = {Support-free interior carving for 3D printing},
  author  = {Xie, Yue and Chen, Xiang},
  journal = {Visual Informatics},
  volume  = {1},
  number  = {1},
  pages   = {9--15},
  year    = {2017}
}

@article{lee2018support,
  title   = {Support-free hollowing for 3D printing via Voronoi diagram of ellipses},
  author  = {Lee, Mokwon and Fang, Qing and Cho, Youngsong and Ryu, Joonghyun and Liu, Ligang and Kim, Deok-Soo},
  journal = {Computer-Aided Design},
  volume  = {101},
  pages   = {23--36},
  year    = {2018}
}

@article{xu2021support,
  title   = {A Support-free Infill Structure Based on Layer Construction for 3D Printing},
  author  = {Xu, Wenpeng and Liu, Yi and Yu, Menglin and Wang, Dongxiao and Hou, Shouming and Li, Bo and Wang, Weiming and Liu, Ligang},
  journal = {IEEE Transactions on Visualization and Computer Graphics},
  year    = {2021}
}



@inproceedings{reiner2016interactive,
  title     = {Interactive modeling of support-free shapes for fabrication},
  author    = {Reiner, Tim and Lefebvre, Sylvain},
  booktitle = {EUROGRAPHICS},
  year      = {2016}
}

@article{pasko1995function,
  title   = {Function representation in geometric modeling: concepts, implementation and applications},
  author  = {Pasko, Alexander and Adzhiev, Valery and Sourin, Alexei and Savchenko, Vladimir},
  journal = {The visual computer},
  volume  = {11},
  number  = {8},
  pages   = {429--446},
  year    = {1995}
}

@inproceedings{carr2001reconstruction,
  title     = {Reconstruction and representation of 3D objects with radial basis functions},
  author    = {Carr, Jonathan C and Beatson, Richard K and Cherrie, Jon B and Mitchell, Tim J and Fright, W Richard and McCallum, Bruce C and Evans, Tim R},
  booktitle = {Proceedings of the 28th annual conference on Computer graphics and interactive techniques},
  pages     = {67--76},
  year      = {2001}
}

@article{1999F,
  title   = {F.: Variational implicit surfaces},
  author  = { Turk, G.  and  O'Brien, J. F. },
  journal = {georgia institute of technology},
  year    = {1999}
}

@article{musialski2015reduced,
  title   = {Reduced-order shape optimization using offset surfaces.},
  author  = {Musialski, Przemyslaw and Auzinger, Thomas and Birsak, Michael and Wimmer, Michael and Kobbelt, Leif},
  journal = {ACM Trans. Graph.},
  volume  = {34},
  number  = {4},
  pages   = {102--1},
  year    = {2015}
}

@article{zhou2013worst,
  title   = {Worst-case structural analysis.},
  author  = {Zhou, Qingnan and Panetta, Julian and Zorin, Denis},
  journal = {ACM Trans. Graph.},
  volume  = {32},
  number  = {4},
  pages   = {137--1},
  year    = {2013}
}

@article{xie2015agile,
  title   = {Agile structural analysis for fabrication-aware shape editing},
  author  = {Xie, Yue and Xu, Weiwei and Yang, Yin and Guo, Xiaohu and Zhou, Kun},
  journal = {Computer Aided Geometric Design},
  volume  = {35},
  pages   = {163--179},
  year    = {2015}
}

@article{chen2016example,
  title   = {Example-based subspace stress analysis for interactive shape design},
  author  = {Chen, Xiang and Zheng, Changxi and Zhou, Kun},
  journal = {IEEE transactions on visualization and computer graphics},
  volume  = {23},
  number  = {10},
  pages   = {2314--2327},
  year    = {2016}
}

@article{schumacher2018set,
  title     = {Set-in-stone: worst-case optimization of structures weak in tension},
  author    = {Schumacher, Christian and Zehnder, Jonas and B{\"a}cher, Moritz},
  journal   = {ACM Transactions on Graphics (TOG)},
  volume    = {37},
  number    = {6},
  pages     = {1--13},
  year      = {2018},
  publisher = {ACM New York, NY, USA}
}

@article{xu2016skeleton,
  title   = {Skeleton-sectional structural analysis for 3D printing},
  author  = {Xu, Wen-Peng and Li, Wei and Liu, Li-Gang},
  journal = {Journal of Computer Science and Technology},
  volume  = {31},
  number  = {3},
  pages   = {439--449},
  year    = {2016}
}


@article{wu2021topology,
  title   = {Topology optimization of multi-scale structures: a review},
  author  = {Wu, Jun and Sigmund, Ole and Groen, Jeroen P},
  journal = {Structural and Multidisciplinary Optimization},
  volume  = {63},
  number  = {3},
  pages   = {1455--1480},
  year    = {2021}
}

@article{song2018function,
  title   = {Function representation based slicer for 3D printing},
  author  = {Song, Yanzhi and Yang, Zhouwang and Liu, Yuan and Deng, Jiansong},
  journal = {Computer Aided Geometric Design},
  volume  = {62},
  pages   = {276--293},
  year    = {2018}
}

@article{luo2012chopper,
  title   = {Chopper: Partitioning models into 3D-printable parts},
  author  = {Luo, Linjie and Baran, Ilya and Rusinkiewicz, Szymon and Matusik, Wojciech},
  journal = {ACM Transactions on Graphics (TOG)},
  volume  = {31},
  number  = {6},
  pages   = {1--9},
  year    = {2012}
}

@inproceedings{li2017rib,
  title     = {Rib-reinforced shell structure},
  author    = {Li, Wei and Zheng, Anzong and You, Lihua and Yang, Xiaosong and Zhang, Jianjun and Liu, Ligang},
  booktitle = {Computer Graphics Forum},
  volume    = {36},
  number    = {7},
  pages     = {15--27},
  year      = {2017}
}


@article{wu2016shape,
  title   = {Shape interior modeling and mass property optimization using ray-reps},
  author  = {Wu, Jun and Kramer, Lou and Westermann, R{\"u}diger},
  journal = {Computers \& Graphics},
  volume  = {58},
  pages   = {66--72},
  year    = {2016}
}

@inproceedings{ulu2019structural,
  title     = {Structural design using laplacian shells},
  author    = {Ulu, Erva and McCann, James and Kara, Levent Burak},
  booktitle = {Computer Graphics Forum},
  volume    = {38},
  number    = {5},
  pages     = {85--98},
  year      = {2019}
}

@article{svanberg1987method,
  title   = {The method of moving asymptotes—a new method for structural optimization},
  author  = {Svanberg, Krister},
  journal = {International journal for numerical methods in engineering},
  volume  = {24},
  number  = {2},
  pages   = {359--373},
  year    = {1987}
}

@article{plocher2019review,
  title   = {Review on design and structural optimisation in additive manufacturing: Towards next-generation lightweight structures},
  author  = {Plocher, J{\'a}nos and Panesar, Ajit},
  journal = {Materials \& Design},
  volume  = {183},
  pages   = {108164},
  year    = {2019}
}

@article{ab,
  title  = {https://www.3ds.com/de/produkte-
            undservices/simulia/produkte/abaqus/},
  author = {Abaqus},
  year   = {2021}
}

@inproceedings{li2017rib,
  title     = {Rib-reinforced shell structure},
  author    = {Li, Wei and Zheng, Anzong and You, Lihua and Yang, Xiaosong and Zhang, Jianjun and Liu, Ligang},
  booktitle = {Computer Graphics Forum},
  volume    = {36},
  number    = {7},
  pages     = {15--27},
  year      = {2017}
}

@article{gil2020reinforcement,
  title   = {Reinforcement of general shell structures},
  author  = {Gil-Ureta, Francisca and Pietroni, Nico and Zorin, Denis},
  journal = {ACM Transactions on Graphics (TOG)},
  volume  = {39},
  number  = {5},
  pages   = {1--19},
  year    = {2020}
}

@article{zhang2016new,
  title     = {A new topology optimization approach based on Moving Morphable Components (MMC) and the ersatz material model},
  author    = {Zhang, Weisheng and Yuan, Jie and Zhang, Jian and Guo, Xu},
  journal   = {Structural and Multidisciplinary Optimization},
  volume    = {53},
  number    = {6},
  pages     = {1243--1260},
  year      = {2016},
  publisher = {Springer}
}

@article{bendsoe1989optimal,
  title     = {Optimal shape design as a material distribution problem},
  author    = {Bends{\o}e, Martin P},
  journal   = {Structural optimization},
  volume    = {1},
  number    = {4},
  pages     = {193--202},
  year      = {1989},
  publisher = {Springer}
}

@article{kou2010simple,
  title     = {A simple and effective geometric representation for irregular porous structure modeling},
  author    = {Kou, XY and Tan, ST},
  journal   = {Computer-Aided Design},
  volume    = {42},
  number    = {10},
  pages     = {930--941},
  year      = {2010},
  publisher = {Elsevier}
}

@article{haftka1986structural,
  title     = {Structural shape optimization—a survey},
  author    = {Haftka, Raphael T and Grandhi, Ramana V},
  journal   = {Computer methods in applied mechanics and engineering},
  volume    = {57},
  number    = {1},
  pages     = {91--106},
  year      = {1986},
  publisher = {Elsevier}
}

@article{vouga2012design,
  title   = {Design of self-supporting surfaces},
  author  = {Vouga, Etienne and H{\"o}binger, Mathias and Wallner, Johannes and Pottmann, Helmut},
  journal = {ACM Transactions on Graphics (TOG)},
  volume  = {31},
  number  = {4},
  pages   = {1--11},
  year    = {2012}
}

@article{liu2013computing,
  title   = {Computing self-supporting surfaces by regular triangulation},
  author  = {Liu, Yang and Pan, Hao and Snyder, John and Wang, Wenping and Guo, Baining},
  journal = {ACM Transactions on Graphics (TOG)},
  volume  = {32},
  number  = {4},
  pages   = {1--10},
  year    = {2013}
}

@article{deuss2014assembling,
  title   = {Assembling self-supporting structures.},
  author  = {Deuss, Mario and Panozzo, Daniele and Whiting, Emily and Liu, Yang and Block, Philippe and Sorkine-Hornung, Olga and Pauly, Mark},
  journal = {ACM Trans. Graph.},
  volume  = {33},
  number  = {6},
  pages   = {214--1},
  year    = {2014}
}


@article{wang2017cross,
  title   = {Cross section-based hollowing and structural enhancement},
  author  = {Wang, Weiming and Li, Baojun and Qian, Sicheng and Liu, Yong-Jin and Wang, Charlie CL and Liu, Ligang and Yin, Baocai and Liu, Xiuping},
  journal = {The Visual Computer},
  volume  = {33},
  number  = {6},
  pages   = {949--960},
  year    = {2017}
}

@article{dai2018support,
  title   = {Support-free volume printing by multi-axis motion},
  author  = {Dai, Chengkai and Wang, Charlie CL and Wu, Chenming and Lefebvre, Sylvain and Fang, Guoxin and Liu, Yong-Jin},
  journal = {ACM Transactions on Graphics (TOG)},
  volume  = {37},
  number  = {4},
  pages   = {1--14},
  year    = {2018}
}

@article{gao2015status,
  title     = {The status, challenges, and future of additive manufacturing in engineering},
  author    = {Gao, Wei and Zhang, Yunbo and Ramanujan, Devarajan and Ramani, Karthik and Chen, Yong and Williams, Christopher B and Wang, Charlie CL and Shin, Yung C and Zhang, Song and Zavattieri, Pablo D},
  journal   = {Computer-Aided Design},
  volume    = {69},
  pages     = {65--89},
  year      = {2015},
  publisher = {Elsevier}
}

@article{wu2015system,
  title   = {A system for high-resolution topology optimization},
  author  = {Wu, Jun and Dick, Christian and Westermann, R{\"u}diger},
  journal = {IEEE transactions on visualization and computer graphics},
  volume  = {22},
  number  = {3},
  pages   = {1195--1208},
  year    = {2015}
}


@article{stava2012stress,
  title   = {Stress relief: improving structural strength of 3D printable objects},
  author  = {Stava, Ondrej and Vanek, Juraj and Benes, Bedrich and Carr, Nathan and M{\v{e}}ch, Radom{\'\i}r},
  journal = {ACM Transactions on Graphics (TOG)},
  volume  = {31},
  number  = {4},
  pages   = {1--11},
  year    = {2012}
}


@article{Wu2016TVCG,
  author  = {Wu, Jun and Dick, Christian and Westermann, R\"udiger},
  journal = {IEEE Transactions on Visualization and Computer Graphics},
  title   = {A System for High-Resolution Topology Optimization},
  year    = {2016},
  volume  = {22},
  number  = {3},
  pages   = {1195-1208},
  doi     = {http://dx.doi.org/10.1109/TVCG.2015.2502588},
  issn    = {1077-2626},
  month   = {March}
}

@article{zhai2021alternating,
  title     = {Alternating optimization of design and stress for stress-constrained topology optimization},
  author    = {Zhai, Xiaoya and Chen, Falai and Wu, Jun},
  journal   = {Structural and Multidisciplinary Optimization},
  volume    = {64},
  number    = {4},
  pages     = {2323--2342},
  year      = {2021},
  publisher = {Springer}
}


@article{Wu2018SPM,
  author  = {Wu, Jun},
  title   = {Continuous Optimization of Adaptive Quadtree Structures},
  journal = {Computer-Aided Design},
  volume  = {102},
  pages   = {72-82},
  year    = {2018},
  doi     = {https://doi.org/10.1016/j.cad.2018.04.008},
  issn    = {}
}

@article{jia2011algebraic,
  title     = {An algebraic approach to continuous collision detection for ellipsoids},
  author    = {Jia, Xiaohong and Choi, Yi-King and Mourrain, Bernard and Wang, Wenping},
  journal   = {Computer Aided Geometric Design},
  volume    = {28},
  number    = {3},
  pages     = {164--176},
  year      = {2011},
  publisher = {Elsevier}
}

@article{wang2018support,
  title   = {Support-Free Hollowing},
  author  = {Wang, Weiming and Liu, Yong-Jin and Wu, J and Tian, Shengjing and Wang, CC and Liu, Ligang and Liu, Xiuping},
  journal = {IEEE Transactions on Visualization and Computer Graphics},
  volume  = {24},
  number  = {10},
  year    = {2018}
}

@article{wang2022topology,
  title     = {Topology optimization based channel design for powder-bed additive manufacturing},
  author    = {Wang, Weiming and Xia, Yi},
  journal   = {Additive Manufacturing},
  volume    = {54},
  pages     = {102717},
  year      = {2022},
  publisher = {Elsevier}
}


@article{langlois2016stochastic,
  title     = {Stochastic structural analysis for context-aware design and fabrication},
  author    = {Langlois, Timothy and Shamir, Ariel and Dror, Daniel and Matusik, Wojciech and Levin, David IW},
  journal   = {ACM Transactions on Graphics (TOG)},
  volume    = {35},
  number    = {6},
  pages     = {1--13},
  year      = {2016},
  publisher = {ACM New York, NY, USA}
}

@article{wu2017infill,
  title     = {Infill optimization for additive manufacturing—approaching bone-like porous structures},
  author    = {Wu, Jun and Aage, Niels and Westermann, R{\"u}diger and Sigmund, Ole},
  journal   = {IEEE transactions on visualization and computer graphics},
  volume    = {24},
  number    = {2},
  pages     = {1127--1140},
  year      = {2017},
  publisher = {IEEE}
}

@article{schumacher2018set,
  title     = {Set-in-stone: worst-case optimization of structures weak in tension},
  author    = {Schumacher, Christian and Zehnder, Jonas and B{\"a}cher, Moritz},
  journal   = {ACM Transactions on Graphics (TOG)},
  volume    = {37},
  number    = {6},
  pages     = {1--13},
  year      = {2018},
  publisher = {ACM New York, NY, USA}
}

@article{ulu2017lightweight,
  title     = {Lightweight structure design under force location uncertainty},
  author    = {Ulu, Erva and Mccann, James and Kara, Levent Burak},
  journal   = {ACM Transactions on Graphics (TOG)},
  volume    = {36},
  number    = {4},
  pages     = {1--13},
  year      = {2017},
  publisher = {ACM New York, NY, USA}
}

@article{guo2014doing,
  title     = {Doing topology optimization explicitly and geometrically—a new moving morphable components based framework},
  author    = {Guo, Xu and Zhang, Weisheng and Zhong, Wenliang},
  journal   = {Journal of Applied Mechanics},
  volume    = {81},
  number    = {8},
  year      = {2014},
  publisher = {American Society of Mechanical Engineers Digital Collection}
}

@article{gilbert1988fast,
  title     = {A fast procedure for computing the distance between complex objects in three-dimensional space},
  author    = {Gilbert, Elmer G and Johnson, Daniel W and Keerthi, S Sathiya},
  journal   = {IEEE Journal on Robotics and Automation},
  volume    = {4},
  number    = {2},
  pages     = {193--203},
  year      = {1988},
  publisher = {IEEE}
}

@article{leary2014optimal,
  title     = {Optimal topology for additive manufacture: A method for enabling additive manufacture of support-free optimal structures},
  author    = {Leary, Martin and Merli, Luigi and Torti, Federico and Mazur, Maciej and Brandt, Milan},
  journal   = {Materials \& Design},
  volume    = {63},
  pages     = {678--690},
  year      = {2014},
  publisher = {Elsevier}
}

@article{gaynor2016topology,
  title     = {Topology optimization considering overhang constraints: Eliminating sacrificial support material in additive manufacturing through design},
  author    = {Gaynor, Andrew T and Guest, James K},
  journal   = {Structural and Multidisciplinary Optimization},
  volume    = {54},
  number    = {5},
  pages     = {1157--1172},
  year      = {2016},
  publisher = {Springer}
}

@article{zhou2021self,
  title     = {Self-supporting structure design with feature-driven optimization approach for additive manufacturing},
  author    = {Zhou, Lu and Sigmund, Ole and Zhang, Weihong},
  journal   = {Computer Methods in Applied Mechanics and Engineering},
  volume    = {386},
  pages     = {114110},
  year      = {2021},
  publisher = {Elsevier}
}

@article{luo2020additive,
  title     = {Additive manufacturing oriented topology optimization of structures with self-supported enclosed voids},
  author    = {Luo, Yunfeng and Sigmund, Ole and Li, Quhao and Liu, Shutian},
  journal   = {Computer Methods in Applied Mechanics and Engineering},
  volume    = {372},
  pages     = {113385},
  year      = {2020},
  publisher = {Elsevier}
}

@article{dou2020top,
  title     = {Top-down shape abstraction based on greedy pole selection},
  author    = {Dou, Zhiyang and Xin, Shiqing and Xu, Rui and Xu, Jian and Zhou, Yuanfeng and Chen, Shuangmin and Wang, Wenping and Zhao, Xiuyang and Tu, Changhe},
  journal   = {IEEE Transactions on Visualization and Computer Graphics},
  volume    = {27},
  number    = {10},
  pages     = {3982--3993},
  year      = {2020},
  publisher = {IEEE}
}

@article{liu2018current,
  title     = {Current and future trends in topology optimization for additive manufacturing},
  author    = {Liu, Jikai and Gaynor, Andrew T and Chen, Shikui and Kang, Zhan and Suresh, Krishnan and Takezawa, Akihiro and Li, Lei and Kato, Junji and Tang, Jinyuan and Wang, Charlie CL and others},
  journal   = {Structural and multidisciplinary optimization},
  volume    = {57},
  number    = {6},
  pages     = {2457--2483},
  year      = {2018},
  publisher = {Springer}
}

@inproceedings{brackett2011topology,
  title        = {Topology optimization for additive manufacturing},
  author       = {Brackett, David and Ashcroft, Ian and Hague, R},
  booktitle    = {2011 International Solid Freeform Fabrication Symposium},
  year         = {2011},
  organization = {University of Texas at Austin}
}

@article{jihong2021review,
  title     = {A review of topology optimization for additive manufacturing: Status and challenges},
  author    = {Jihong, ZHU and Han, ZHOU and Chuang, WANG and Lu, ZHOU and Shangqin, YUAN and Zhang, Weihong},
  journal   = {Chinese Journal of Aeronautics},
  volume    = {34},
  number    = {1},
  pages     = {91--110},
  year      = {2021},
  publisher = {Elsevier}
}

@article{yan2019strong,
  title     = {Strong 3D printing by TPMS injection},
  author    = {Yan, Xin and Rao, Cong and Lu, Lin and Sharf, Andrei and Zhao, Haisen and Chen, Baoquan},
  journal   = {IEEE Transactions on Visualization and Computer Graphics},
  volume    = {26},
  number    = {10},
  pages     = {3037--3050},
  year      = {2019},
  publisher = {IEEE}
}

@book{liu2005introduction,
  title     = {An introduction to meshfree methods and their programming},
  author    = {Liu, Gui-Rong and Gu, Yuan-Tong},
  year      = {2005},
  publisher = {Springer Science \& Business Media}
}

@article{gaynor2016topology,
  title     = {Topology optimization considering overhang constraints: Eliminating sacrificial support material in additive manufacturing through design},
  author    = {Gaynor, Andrew T and Guest, James K},
  journal   = {Structural and Multidisciplinary Optimization},
  volume    = {54},
  number    = {5},
  pages     = {1157--1172},
  year      = {2016},
  publisher = {Springer}
}

@article{dou2020top,
  title     = {Top-down shape abstraction based on greedy pole selection},
  author    = {Dou, Zhiyang and Xin, Shiqing and Xu, Rui and Xu, Jian and Zhou, Yuanfeng and Chen, Shuangmin and Wang, Wenping and Zhao, Xiuyang and Tu, Changhe},
  journal   = {IEEE Transactions on Visualization and Computer Graphics},
  volume    = {27},
  number    = {10},
  pages     = {3982--3993},
  year      = {2020},
  publisher = {IEEE}
}

@article{ying2018anisotropic,
  title     = {Anisotropic porous structure modeling for 3D printed objects},
  author    = {Ying, Jianming and Lu, Lin and Tian, Lihao and Yan, Xin and Chen, Baoquan},
  journal   = {Computers \& Graphics},
  volume    = {70},
  pages     = {157--164},
  year      = {2018},
  publisher = {Elsevier}
}

@article{2008Peterson,
  title  = {Peterson's Stress Concentration Factors, Third Edition},
  author = { Pilkey, W. D.  and  Pilkey, D. F. },
  year   = {2008}
}

@article{zheng2023topology,
  title     = {Topology Optimization of Self-supporting Porous Structures Based on Triply Periodic Minimal Surfaces},
  author    = {Zheng, Nan and Zhai, Xiaoya and Chen, Falai},
  journal   = {Computer-Aided Design},
  volume    = {161},
  pages     = {103542},
  year      = {2023},
  publisher = {Elsevier}
}

@article{liu2023self,
  title     = {Self-supporting parametric polyhedral structure for 3D printing},
  author    = {Liu, Yi and Zhang, Peng and Zhang, Hang-Cheng and Wang, Weiming and Song, Tianqi and Yan, Xin and Zeng, Wei and Yang, Yi-Jun},
  journal   = {Advances in Engineering Software},
  volume    = {186},
  pages     = {103529},
  year      = {2023},
  publisher = {Elsevier}
}

@article{yang2023differentiable,
  title     = {Differentiable Channel Design for Enhancing Manufacturability of Enclosed Cavities},
  author    = {Yang, Jun and Hu, Jiangbei and Wang, Shengfa and Lei, Na and Luo, Zhongxuan},
  journal   = {Computer-Aided Design},
  volume    = {162},
  pages     = {103558},
  year      = {2023},
  publisher = {Elsevier}
}